<record><leader>00000cas a2200000 a 4500</leader><controlfield tag="001">9505491</controlfield><controlfield tag="008">830512d17931793mauwr ne      0    0eng c</controlfield><datafield ind1=" " ind2=" " tag="010"><subfield code="a">sn 83020689 </subfield></datafield><datafield ind1=" " ind2=" " tag="040"><subfield code="a">NPX</subfield><subfield code="b">eng</subfield><subfield code="c">NPX</subfield><subfield code="d">DLC</subfield><subfield code="d">MGN</subfield><subfield code="d">DLC</subfield><subfield code="d">OCLCG</subfield><subfield code="d">OCLCQ</subfield></datafield><datafield ind1=" " ind2=" " tag="042"><subfield code="a">pcc</subfield></datafield><datafield ind1=" " ind2=" " tag="043"><subfield code="a">n-us-ma</subfield></datafield><datafield ind1="0" ind2="0" tag="050"><subfield code="a">Newspaper</subfield></datafield><datafield ind1="0" ind2="4" tag="245"><subfield code="a">The Federal spy and Springfield advertiser.</subfield></datafield><datafield ind1=" " ind2=" " tag="260"><subfield code="a">Springfield, Mass. :</subfield><subfield code="b">James R. Hutchins,</subfield><subfield code="c">1793-1793.</subfield></datafield><datafield ind1=" " ind2=" " tag="300"><subfield code="a">2 v. ;</subfield><subfield code="c">43 cm.</subfield></datafield><datafield ind1=" " ind2=" " tag="310"><subfield code="a">Weekly</subfield></datafield><datafield ind1="0" ind2=" " tag="362"><subfield code="a">Vol. 1, no. 7 (Jan. 29, 1793)-v. 2, no. 53 (Dec. 17, 1793).</subfield></datafield><datafield ind1=" " ind2=" " tag="500"><subfield code="a">Published on Tuesday.</subfield></datafield><datafield ind1=" " ind2=" " tag="500"><subfield code="a">Editor: J.R. Hutchins.</subfield></datafield><datafield ind1="1" ind2=" " tag="700"><subfield code="a">Hutchins, James Reed,</subfield><subfield code="d">1770-1795.</subfield></datafield><datafield ind1=" " ind2=" " tag="752"><subfield code="a">United States</subfield><subfield code="b">Massachusetts</subfield><subfield code="c">Hampden</subfield><subfield code="d">Springfield.</subfield></datafield><datafield ind1="0" ind2="0" tag="780"><subfield code="t">Federal spy (Springfield, Mass. : 1792)</subfield><subfield code="w">(DLC)sn 83020688</subfield></datafield><datafield ind1="0" ind2="0" tag="785"><subfield code="t">Federal spy and Springfield weekly advertiser</subfield><subfield code="w">(DLC)sn 83020690</subfield></datafield><datafield ind1="1" ind2=" " tag="029"><subfield code="a">AU@</subfield><subfield code="b">000020275850</subfield></datafield></record>